<bibtex>

@article{Linderman,
author = {Linderman, Scott and Stock, Christopher and Adams, Ryan},
year = {2014},
month = {11},
pages = {},
title = {A framework for studying synaptic plasticity with neural spike train data},
volume = {3},
journal = {Advances in Neural Information Processing Systems}
}

@BOOK{Purves,
AUTHOR     = {Dale Purves}, 
TITLE          = {Neuroscience, 5th edition},
PUBLISHER = {Sinauer Associates Inc.,U.S.},
YEAR          = {2011},
}

@ARTICLE{Gomez,
AUTHOR    = {Teresa Gomez-Isla}, 
TITLE         = {Profound Loss of Layer II Entorhinal Cortex Neurons Occurs in Very Mild Alzheimerâ€™s Disease
},
JOURNAL  = {The Journal of Neuroscience},
YEAR         = {1996},
Volume      = {16},
Number     = {14},
Pages       = {4491-4500},
}

@ARTICLE{Witter:2011,
AUTHOR = {Witter, M. },
TITLE   = {{E}ntorhinal cortex},
YEAR    = {2011},
JOURNAL = {Scholarpedia},
VOLUME  = {6},
NUMBER  = {10},
PAGES   = {4380},
DOI     = {10.4249/scholarpedia.4380},
NOTE    = {revision \#137315}
}

@ARTICLE{Song,
AUTHOR    = {Sen Song, Kenneth D. Miller, L. F. Abbott}, 
TITLE         = {Competitive Hebbian learning through spike-timing-dependent synaptic plasticity
},
JOURNAL  = {Nature neuroscience},
YEAR         = {2000},
Pages       = {919-926},
}

@online{Alz,
    author = "Alzheimers association",
    title = "Alzheimer's Effect",
    url  = "https://www.alz.org/alzheimers-dementia/what-is-alzheimers/brain_tour_part_2"
}


</bibtex>